<collection xmlns="http://www.loc.gov/MARC21/slim"><record><leader>00929nam  2200277   450</leader><controlfield tag="001">203</controlfield><controlfield tag="003">http://montalegre.opacnet.com/OPAC/default.aspx?ContentAreaControl=ShowRegHoldings.ascx&amp;RegNo=16662</controlfield><datafield tag="021" ind1=" " ind2=" "><subfield code="a">PT</subfield></datafield><datafield tag="100" ind1=" " ind2=" "><subfield code="a">20061013g1966    m  y0pora010305  ba</subfield></datafield><datafield tag="101" ind1="1" ind2=" "><subfield code="a">por</subfield><subfield code="c">eng</subfield></datafield><datafield tag="102" ind1=" " ind2=" "><subfield code="a">PT</subfield></datafield><datafield tag="200" ind1="1" ind2=" "><subfield code="a">Tai-Pan</subfield><subfield code="f">James Clavell</subfield><subfield code="g">tradução de Maria de Lourdes Medeiros</subfield></datafield><datafield tag="210" ind1=" " ind2=" "><subfield code="a">Mem Martins</subfield><subfield code="c">Europa-América</subfield><subfield code="d">cop. 1966</subfield></datafield><datafield tag="215" ind1=" " ind2=" "><subfield code="a">vol</subfield><subfield code="d">21 cm</subfield></datafield><datafield tag="225" ind1="2" ind2=" "><subfield code="a">Século XX</subfield><subfield code="v">225, 226</subfield></datafield><datafield tag="304" ind1=" " ind2=" "><subfield code="a">Tít. orig.: Tai-Pan</subfield></datafield><datafield tag="327" ind1="1" ind2=" "><subfield code="a">Vol. 1: 340 p</subfield><subfield code="a">Vol. 2: 449 p</subfield></datafield><datafield tag="606" ind1=" " ind2=" "><subfield code="a">Literatura americana</subfield></datafield><datafield tag="608" ind1=" " ind2=" "><subfield code="a">Romance</subfield></datafield><datafield tag="675" ind1=" " ind2=" "><subfield code="a">821</subfield><subfield code="z">por</subfield></datafield><datafield tag="700" ind1=" " ind2="1"><subfield code="a">Clavell</subfield><subfield code="b">James</subfield><subfield code="f">1923-1994</subfield></datafield><datafield tag="702" ind1=" " ind2="1"><subfield code="a">Medeiros</subfield><subfield code="b">Maria de Lurdes</subfield><subfield code="4">730</subfield></datafield><datafield tag="801" ind1=" " ind2="0"><subfield code="a">PT</subfield><subfield code="b">Biblioteca Municipal de Montalegre</subfield><subfield code="g">RPC</subfield></datafield><datafield tag="856" ind1=" " ind2=" "><subfield code="u">locateMedia.asp?cod=20060510105738&amp;ext=jpg</subfield><subfield code="z">CAPA</subfield></datafield><datafield tag="856" ind1=" " ind2=" "><subfield code="u">locateMedia.asp?cod=20060510105753&amp;ext=jpg</subfield><subfield code="z">CAPA</subfield></datafield><datafield tag="909" ind1="&#9;" ind2=" "><subfield code="a">2</subfield></datafield><datafield tag="966" ind1=" " ind2=" "><subfield code="a">0008246</subfield><subfield code="l">BMM</subfield><subfield code="s">SCG 821 CLA tai 225</subfield></datafield><datafield tag="966" ind1=" " ind2=" "><subfield code="a">0008247</subfield><subfield code="l">BMM</subfield><subfield code="s">SCG 821 CLA tai 226</subfield></datafield></record></collection>